%% This BibTeX bibliography file was created using BibDesk.
%% https://bibdesk.sourceforge.io/

%% Created for yibeibankaishui at 2021-05-07 01:16:19 +0800 


%% Saved with string encoding Unicode (UTF-8) 



@article{mistry2021inferring,
  title={Inferring high-resolution human mixing patterns for disease modeling},
  author={Mistry, Dina and Litvinova, Maria and Pastore y Piontti, Ana and Chinazzi, Matteo and Fumanelli, Laura and Gomes, Marcelo FC and Haque, Syed A and Liu, Quan-Hui and Mu, Kunpeng and Xiong, Xinyue and others},
  journal={Nature communications},
  volume={12},
  number={1},
  pages={1--12},
  year={2021},
  publisher={Nature Publishing Group}
}

@article{britton2010stochastic,
  title={Stochastic epidemic models: a survey},
  author={Britton, Tom},
  journal={Mathematical biosciences},
  volume={225},
  number={1},
  pages={24--35},
  year={2010},
  publisher={Elsevier}
}

@incollection{brauer2008compartmental,
  title={Compartmental models in epidemiology},
  author={Brauer, Fred},
  booktitle={Mathematical epidemiology},
  pages={19--79},
  year={2008},
  publisher={Springer}
}

@article{李昊2020传染病动力学模型及其在新型冠状病毒肺炎疫情仿真预测中的应用综述,
  title={传染病动力学模型及其在新型冠状病毒肺炎疫情仿真预测中的应用综述},
  author={李昊 and 段德光 and 陶学强 and 陈恩 and 高树田},
  journal={医疗卫生装备},
  volume={41},
  number={3},
  pages={7--12},
  year={2020}
}

@mastersthesis{陈煜亮2021登革热传播动力学模型与卡尔曼滤波耦合算法研究及应用,
  title={登革热传播动力学模型与卡尔曼滤波耦合算法研究及应用},
  author={陈煜亮},
  year={2021},
  school={汕头大学}
}

@article{cai2022modeling,
  title={Modeling transmission of SARS-CoV-2 Omicron in China},
  author={Cai, Jun and Deng, Xiaowei and Yang, Juan and Sun, Kaiyuan and Liu, Hengcong and Chen, Zhiyuan and Peng, Cheng and Chen, Xinhua and Wu, Qianhui and Zou, Junyi and others},
  journal={Nature Medicine},
  pages={1--1},
  year={2022},
  publisher={Nature Publishing Group}
}

@article{sesti2021integrating,
  title={Integrating LSTMs and GNNs for COVID-19 Forecasting},
  author={Sesti, Nathan and Garau-Luis, Juan Jose and Crawley, Edward and Cameron, Bruce},
  journal={arXiv preprint arXiv:2108.10052},
  year={2021}
}

@article{liu2021improvement,
  title={Improvement of the global prediction system of the COVID-19 pandemic based on the ensemble empirical mode decomposition (EEMD) and autoregressive moving average (ARMA) model in a hybrid approach 基于集合经验模态分解和自回归-移动平均模型的 COVID-19 流行病全球预测系统预测结果改进},
  author={Liu, Chuwei and Huang, Jianping and Ji, Fei and Zhang, Li and Liu, Xiaoyue and Wei, Yun and Lian, Xinbo},
  journal={Atmospheric and Oceanic Science Letters},
  volume={14},
  number={4},
  pages={100019},
  year={2021},
  publisher={Elsevier}
}

@article{zhang2020changes,
  title={Changes in contact patterns shape the dynamics of the COVID-19 outbreak in China},
  author={Zhang, Juanjuan and Litvinova, Maria and Liang, Yuxia and Wang, Yan and Wang, Wei and Zhao, Shanlu and Wu, Qianhui and Merler, Stefano and Viboud, C{\'e}cile and Vespignani, Alessandro and others},
  journal={Science},
  volume={368},
  number={6498},
  pages={1481--1486},
  year={2020},
  publisher={American Association for the Advancement of Science}
}

@article{mistry2021inferring,
  title={Inferring high-resolution human mixing patterns for disease modeling},
  author={Mistry, Dina and Litvinova, Maria and Pastore y Piontti, Ana and Chinazzi, Matteo and Fumanelli, Laura and Gomes, Marcelo FC and Haque, Syed A and Liu, Quan-Hui and Mu, Kunpeng and Xiong, Xinyue and others},
  journal={Nature communications},
  volume={12},
  number={1},
  pages={1--12},
  year={2021},
  publisher={Nature Publishing Group}
}

@mastersthesis{薛润生2020sir,
  title={SIR 模型及其在新型冠状病毒肺炎疫情中的应用},
  author={薛润生},
  year={2020},
  school={山东大学}
}

@article{石耀霖2003sars,
  title={SARS 传染扩散的动力学随机模型},
  author={石耀霖},
  journal={科学通报},
  volume={48},
  number={13},
  pages={1373--1377},
  year={2003}
}

@article{徐敏2008基于随机模型的艾滋病预防与控制策略研究,
  title={基于随机模型的艾滋病预防与控制策略研究},
  author={徐敏 and 丁永生 and 胡良剑},
  journal={计算机仿真},
  volume={25},
  number={12},
  pages={308--311},
  year={2008}
}

@mastersthesis{黄加炳2019几类随机,
  title={几类随机 SIRS 传染病模型的动力学分析},
  author={黄加炳},
  year={2019},
  school={广西师范大学}
}

@article{wang2016computational,
  title={Computational models and optimal control strategies for emotion contagion in the human population in emergencies},
  author={Wang, Xiaoming and Zhang, Lichen and Lin, Yaguang and Zhao, Yanxin and Hu, Xiaolin},
  journal={Knowledge-Based Systems},
  volume={109},
  pages={35--47},
  year={2016},
  publisher={Elsevier}
}

@article{shanghaireport,
  title={外部持续输入源和隔离强度对上海新冠肺炎疫情的影响分析},
  author={刘可伋 and 严阅 and 陈瑜 and 江渝 and 许伯熹},
  year={2020},
  publisher={上海市现代应用数学重点实验室}
}

@article{李昊2020传染病动力学模型及其在新型冠状病毒肺炎疫情仿真预测中的应用综述,
  title={传染病动力学模型及其在新型冠状病毒肺炎疫情仿真预测中的应用综述},
  author={李昊 and 段德光 and 陶学强 and 陈恩 and 高树田},
  journal={医疗卫生装备},
  volume={41},
  number={3},
  pages={7--12},
  year={2020}
}

@misc{ enwiki:1087957125,
author = "{Wikipedia contributors}",
title = "Compartmental models in epidemiology --- {Wikipedia}{,} The Free Encyclopedia",
year = "2022",
howpublished = "\url{https://en.wikipedia.org/w/index.php?title=Compartmental_models_in_epidemiology&oldid=1087957125}",
note = "[Online; accessed 16-May-2022]"
}

@misc{ enwiki:1086620406,
author = "{Wikipedia contributors}",
title = "Basic reproduction number --- {Wikipedia}{,} The Free Encyclopedia",
year = "2022",
howpublished = "\url{https://en.wikipedia.org/w/index.php?title=Basic_reproduction_number&oldid=1086620406}",
note = "[Online; accessed 16-May-2022]"
}

@misc{ enwiki:1083054719,
author = "{Wikipedia contributors}",
title = "Herd immunity --- {Wikipedia}{,} The Free Encyclopedia",
year = "2022",
howpublished = "\url{https://en.wikipedia.org/w/index.php?title=Herd_immunity&oldid=1083054719}",
note = "[Online; accessed 16-May-2022]"
}